<?xml version="1.0" encoding="UTF-8"?><record xmlns="http://www.loc.gov/MARC21/slim" xmlns:cinclude="http://apache.org/cocoon/include/1.0" xmlns:zs="http://www.loc.gov/zing/srw/">
  <leader>00537nz  a2200157n  4500</leader>
  <controlfield tag="001">nb2007020626</controlfield>
  <controlfield tag="003">DLC</controlfield>
  <controlfield tag="005">20070909075058.0</controlfield>
  <controlfield tag="008">070907n| acannaabn          |a ana      </controlfield>
  <datafield tag="010" ind1=" " ind2=" ">
    <subfield code="a">nb2007020626</subfield>
  </datafield>
  <datafield tag="035" ind1=" " ind2=" ">
    <subfield code="a">(Uk)006901443</subfield>
  </datafield>
  <datafield tag="040" ind1=" " ind2=" ">
    <subfield code="a">Uk</subfield>
    <subfield code="b">eng</subfield>
    <subfield code="c">Uk</subfield>
  </datafield>
  <datafield tag="110" ind1="2" ind2=" ">
    <subfield code="a">Barnsley Youth Offending Team</subfield>
  </datafield>
  <datafield tag="410" ind1="2" ind2=" ">
    <subfield code="a">Barnsley YOT</subfield>
  </datafield>
  <datafield tag="410" ind1="1" ind2=" ">
    <subfield code="a">Barnsley (South Yorkshire, England).</subfield>
    <subfield code="b">Youth Offending Team</subfield>
  </datafield>
  <datafield tag="670" ind1=" " ind2=" ">
    <subfield code="a">Joint inspection of youth offending teams of England and Wales : report on : Barnsley Youth Offending Team, 2006:</subfield>
    <subfield code="b">p. 2 (Barnsley YOT)</subfield>
  </datafield>
</record>